@Book{Morris:84,
  author = 	 {Ian Morris},
  title = 	 {Why the West Rules - for Now},
  year = 	 {2001},
  edition = 	 {1th}
}

@article{berlo:91,
  author = 	 {Ad van Berlo},
  title = 	 {A "smart" model house as research and demonstration tool for 
    telematics development},
  year = 	 {1998},
}

@article{kaist:99,
  author = 	 {Kwang-Hyun Park, Zeungnam Bien, Ju-Jang Lee, Byung Kook 
Kim, Jong-Tae Lim, Jin-Oh Kim, Heyoung Lee, Dimitar H. Stefanov, Dae-Jin 
Kim, Jin-Woo Jung, Jun-Hyeong Do, Kap-Ho Seo, Chong Hui Kim, Won-Gyu 
Song, Woo-Jun Lee},
  title = 	 {Robotic smart house to assist people with movement disabilities},
  publisher =    {Springer Science},
  year = 	 {2006},
}

@Book{vaussard,
  author =   {Vaussard, F., Fink, J., Bauwens, V., Rétornaz, P., Hamel, D., 
    Dillenbourg, P., & Mondada, F. (2014).},
  title =    {Lessons learned from robotic vacuum cleaners entering the 
home ecosystem. Robotics And Autonomous Systems},
  year =   {2013},
}

@Book{bekey,
  author =   {Bekey, G},
  title =    {Autonomous robots},
  year =   {2005},
}

@Book{menezes,
  author =   {Menezes, P., Dias, J., Araújo, H., & de Almeida, A.},
  title = {Low cost sensor based obstacle detection and description. 
Experimental Robotics IV},
  year =   {21997},
}

@Book{fox,
  author =   {Fox, D., Burgard, W., Kruppa, H., & Thrun, S.},
  title = {Autonomous Robots},
  year =   {2000},
}

@Book{morlok,
  author =   {Morlok, R., & Gini, M.},
  title = {Dispersing robots in an unknown environment. 
Distributed Autonomous Robotic Systems},
  year =   {2007},
}

@Book{nazli,
  author =   {Nazli Eidmohammadi},
  title =    {Wet and dry robotic vacuum cleaner},
  year =   {2014},
}

@misc{euromonitor,
  title = {Euromonitor},
  howpublished = 
{\url{
http://blog.euromonitor.com/2012/12/robotic-vacuum-cleaners-where-theres-savings
-theres-hope.html}},
  note = {Accessed: 2015-05-29},
}

@misc{censo,
  title = {Censo 2010},
  howpublished = 
{\url{
http://www.ibge.gov.br/home/estatistica/populacao/censo2010/familias_e_domicilio
s/default_familias_e_domicilios.shtm}},
  note = {Accessed: 2015-05-29},
}

@misc{euromonitorBrasil,
  title = {Euromonitor},
  howpublished = 
{\url{
http://www.euromonitor.com/vacuum-cleaners-in-brazil/report}},
  note = {Accessed: 2015-05-29},
}

@misc{navibot,
  title = {Navibot},
  howpublished = 
{\url{
http://www.samsung.com/pt/consumer/home-appliances/vacuum-cleaner/robot-old/VR10
F53TBCG/EE}},
  note = {Accessed: 2015-05-29},
}

@misc{roomba,
  title = {roomba},
  howpublished = 
{\url{
http://store.irobot.com/irobot-roomba-880/product.jsp?productId=28516906}},
  note = {Accessed: 2015-05-29},
}

@misc{dyson,
  title = {Dyson 360},
  howpublished = 
{\url{
https://www.dyson360eye.com/}},
  note = {Accessed: 2015-05-29},
}

@article{forlizzi,
  [break] author={Forlizzi, Jodi},[break] title={How 
  robotic products become social products},[break] 
  DOI={10.1145/1228716.1228734},[break] journal={Proceeding of the ACM/IEEE 
  international conference on Human-robot interaction - HRI '07},[break] 
  year={2007}
}
